<?xml version="1.0" encoding="UTF-8"?><collection xmlns="http://www.loc.gov/MARC21/slim"><record><leader>00404nam--2200133-i-4500</leader><controlfield tag="001">000004782</controlfield><controlfield tag="002">20161230</controlfield><controlfield tag="005">20161230201026</controlfield><controlfield tag="008">060222s1000------------r-----000-0-eng-d</controlfield><datafield ind1=" " ind2=" " tag="100"><subfield code="a">Bers, Lipman</subfield></datafield><datafield ind1=" " ind2=" " tag="245"><subfield code="a">Mathematical aspects of subsonic and transonic gas dynamics</subfield></datafield><datafield ind1=" " ind2=" " tag="260"><subfield code="a">New York, John Wiley &amp; Sons, Inc., 1958 Xv + 164 P</subfield></datafield><datafield ind1=" " ind2=" " tag="490"><subfield code="a">Volume Iii Of Surveys In Applied Mathematics</subfield></datafield><datafield ind1=" " ind2=" " tag="852"><subfield code="a">14537</subfield></datafield></record></collection>